<record><leader>00000cas a22000007a 4500</leader><controlfield tag="001">19294232</controlfield><controlfield tag="008">890303d19131928mouwr ne      0    0eng d</controlfield><datafield ind1=" " ind2=" " tag="010"><subfield code="a">sn 89066269 </subfield></datafield><datafield ind1=" " ind2=" " tag="040"><subfield code="a">MQN</subfield><subfield code="b">eng</subfield><subfield code="c">MQN</subfield><subfield code="d">OCLCQ</subfield></datafield><datafield ind1=" " ind2=" " tag="042"><subfield code="a">msc</subfield></datafield><datafield ind1=" " ind2=" " tag="043"><subfield code="a">n-us-mo</subfield></datafield><datafield ind1="0" ind2=" " tag="130"><subfield code="a">Mt. Washington news (Mount Washington, Mo.)</subfield></datafield><datafield ind1="1" ind2="4" tag="245"><subfield code="a">The Mt. Washington news.</subfield></datafield><datafield ind1="3" ind2="0" tag="246"><subfield code="a">Mount Washington news</subfield></datafield><datafield ind1=" " ind2=" " tag="260"><subfield code="a">Mt. [i.e. Mount] Washington, Mo. :</subfield><subfield code="b">W.J. Hutchinson</subfield></datafield><datafield ind1=" " ind2=" " tag="300"><subfield code="a">v.</subfield></datafield><datafield ind1=" " ind2=" " tag="310"><subfield code="a">Weekly</subfield></datafield><datafield ind1="1" ind2=" " tag="362"><subfield code="a">Ceased in 1928?</subfield></datafield><datafield ind1=" " ind2=" " tag="500"><subfield code="a">Publication moved to Fairmount, Mo.:&lt;Sept. 24, 1926&gt;.</subfield></datafield><datafield ind1=" " ind2=" " tag="588"><subfield code="a">Description based on: Vol. 3, no. 37 (Aug. 4, 1916).</subfield></datafield><datafield ind1=" " ind2="0" tag="651"><subfield code="a">Mount Washington (Mo.)</subfield><subfield code="v">Newspapers.</subfield></datafield><datafield ind1=" " ind2=" " tag="752"><subfield code="a">United States</subfield><subfield code="b">Missouri</subfield><subfield code="c">Jackson</subfield><subfield code="d">Fairmount.</subfield></datafield><datafield ind1=" " ind2=" " tag="752"><subfield code="a">United States</subfield><subfield code="b">Missouri</subfield><subfield code="c">Jackson</subfield><subfield code="d">Mount Washington.</subfield></datafield><datafield ind1="0" ind2="0" tag="785"><subfield code="t">Inter-city news (Fairmount, Mo. : 1929)</subfield><subfield code="w">(DLC)sn 89066270</subfield></datafield></record>